<record xmlns="http://www.loc.gov/MARC21/slim" xmlns:xsi="http://www.w3.org/2001/XMLSchema-instance" xsi:schemaLocation="http://www.loc.gov/MARC21/slim http://www.loc.gov/standards/marcxml/schema/MARC21slim.xsd"><leader>     nam a22        4500</leader><controlfield tag="001">4437571</controlfield><controlfield tag="003">NIC</controlfield><controlfield tag="006">m        d        </controlfield><controlfield tag="007">cr cn |||m|||a</controlfield><controlfield tag="008">150316m19691970iq      o     000 0 ara  </controlfield><datafield ind1=" " ind2=" " tag="040"><subfield code="a">NNU</subfield><subfield code="b">eng</subfield><subfield code="e">rda</subfield><subfield code="c">NNU</subfield></datafield><datafield ind1="0" ind2="4" tag="050"><subfield code="a">BP134.R35</subfield><subfield code="b">S55</subfield></datafield><datafield ind1="1" ind2=" " tag="100"><subfield code="6">880-01</subfield><subfield code="a">Shubbar, Qa&#772;sim.</subfield></datafield><datafield ind1="1" ind2="3" tag="245"><subfield code="6">880-02</subfield><subfield code="a">al-Mu&#700;minu&#772;n fi&#772; al-Qur&#700;a&#772;n,</subfield><subfield code="c">ta&#700;li&#772;f Qa&#772;sim Shubbar.</subfield></datafield><datafield ind1=" " ind2=" " tag="250"><subfield code="6">880-03</subfield><subfield code="a">al-T&#803;ab&#699;ah 1.</subfield></datafield><datafield ind1=" " ind2=" " tag="260"><subfield code="6">880-04</subfield><subfield code="a">al-Najaf,</subfield><subfield code="b">Mat&#803;ba&#699;at al-A&#772;da&#772;b.</subfield><subfield code="c">1969-70.</subfield></datafield><datafield ind1=" " ind2=" " tag="300"><subfield code="a">online resource (2 volumes)</subfield></datafield><datafield ind1=" " ind2=" " tag="336"><subfield code="a">text</subfield><subfield code="2">rdacontent</subfield></datafield><datafield ind1=" " ind2=" " tag="337"><subfield code="a">computer</subfield><subfield code="2">rdamedia</subfield></datafield><datafield ind1=" " ind2=" " tag="338"><subfield code="a">online resource</subfield><subfield code="2">rdacarrier</subfield></datafield><datafield ind1=" " ind2=" " tag="500"><subfield code="a">Part of the Arabic Collections Online (ACO) project, contributed by Cornell University Libraries.</subfield></datafield><datafield ind1=" " ind2=" " tag="533"><subfield code="a">Electronic reproduction.</subfield><subfield code="b">New York, N.Y. :</subfield><subfield code="c">New York University,</subfield><subfield code="d">2015.</subfield><subfield code="5">NNU</subfield></datafield><datafield ind1=" " ind2="0" tag="650"><subfield code="a">Religious life</subfield><subfield code="x">Islam</subfield><subfield code="x">Qur&#700;anic teaching.</subfield></datafield><datafield ind1=" " ind2="7" tag="650"><subfield code="a">Religious life</subfield><subfield code="x">Islam</subfield><subfield code="x">Qur&#700;anic teaching.</subfield><subfield code="2">fast</subfield><subfield code="0">(OCoLC)fst01861341</subfield></datafield><datafield ind1="2" ind2=" " tag="710"><subfield code="a">Cornell University.</subfield><subfield code="b">Libraries.</subfield></datafield><datafield ind1="0" ind2=" " tag="730"><subfield code="a">Arabic Collections Online.</subfield></datafield><datafield ind1="0" ind2="8" tag="776"><subfield code="i">Online version:</subfield><subfield code="a">Shubbar, Qa&#772;sim.</subfield><subfield code="t">Mu&#700;minu&#772;n fi&#772; al-Qur&#700;a&#772;n.</subfield><subfield code="b">al-T&#803;ab&#699;ah 1.</subfield><subfield code="d">al-Najaf, Mat&#803;ba&#699;at al-A&#772;da&#772;b. 1969-70</subfield><subfield code="w">(OCoLC)551499670</subfield></datafield><datafield ind1="0" ind2="8" tag="776"><subfield code="i">Print version:</subfield><subfield code="a">Shubbar, Qa&#772;sim.</subfield><subfield code="t">al-Mu&#700;minu&#772;n fi&#772; al-Qur&#700;a&#772;n</subfield><subfield code="w">(NIC)4437571</subfield><subfield code="w">(DLC)   77961598 </subfield><subfield code="w">(OCoLC)20374951</subfield></datafield><datafield ind1="4" ind2="0" tag="856"><subfield code="u">http://hdl.handle.net/2333.1/4xgxd4gf</subfield></datafield><datafield ind1="1" ind2=" " tag="880"><subfield code="6">100-01/r</subfield><subfield code="a">&#1588;&#1576;&#1585;&#1548; &#1602;&#1575;&#1587;&#1605;.</subfield></datafield><datafield ind1="1" ind2="2" tag="880"><subfield code="6">245-02/r</subfield><subfield code="a">&#1575;&#1604;&#1605;&#1572;&#1605;&#1606;&#1608;&#1606; &#1601;&#1610; &#1575;&#1604;&#1602;&#1585;&#1570;&#1606;&#1548;</subfield><subfield code="c">&#1578;&#1571;&#1604;&#1610;&#1601; &#1602;&#1575;&#1587;&#1605; &#1588;&#1576;&#1585;.</subfield></datafield><datafield ind1=" " ind2=" " tag="880"><subfield code="6">250-03/r</subfield><subfield code="a">&#1575;&#1604;&#1591;&#1576;&#1593;&#1577; 1.</subfield></datafield><datafield ind1=" " ind2=" " tag="880"><subfield code="6">260-04/r</subfield><subfield code="a">&#1575;&#1604;&#1606;&#1580;&#1601;&#1548;</subfield><subfield code="b">&#1605;&#1591;&#1576;&#1593;&#1577; &#1575;&#1604;&#1571;&#1583;&#1575;&#1576;.</subfield><subfield code="c">1969-70.</subfield></datafield><datafield ind1=" " ind2=" " tag="959"><subfield code="a">NNU</subfield><subfield code="b">WEB</subfield><subfield code="c">GENI</subfield><subfield code="t">0</subfield><subfield code="m">Electronic access</subfield><subfield code="s">01</subfield></datafield><datafield ind1=" " ind2=" " tag="999"><subfield code="i">NIC_4437571</subfield><subfield code="o">(OCoLC)ocm20374951 </subfield><subfield code="s">cornell_aco000258:v.1</subfield><subfield code="s">cornell_aco000259:v.2</subfield></datafield></record>